% This file was created with JabRef 2.5.
% Encoding: UTF-8

@inproceedings{conejo2011,
  title={Control lineal estabilizante para sistemas subactuados aplicado al Pendubot},
  author={Conejo, C. D. and Galindo, R. and Carrazco, L.},
  booktitle={Congreso Nacional de la Asociaci{\'o}n de M{\'e}xico de Control Autom{\'a}tico 2011},
  pages={219--224},
  year={2011},
  organization={Asociaci{\'o}n de M{\'e}xico de Control Autom{\'a}tico}
}

@inproceedings{galindo2009,
  title={Analytic Expressions for the Parametrization of All Controllers Stabilizing Euler-Lagrange Systems},
  author={Galindo, R. and Carrazco, L.},
  booktitle={Multi-Conference on Systemics, Cybernetics and Informatics},
  year={2009},
  organization={ International Institute of Informatics and Systemics}
}

